# Company Annual Report

## Executive Summary

This document contains the annual performance metrics and financial data for fiscal year 2024.

## Financial Overview

### Revenue by Quarter

| Quarter | Revenue | Expenses | Profit | Margin |
|---------|---------|----------|--------|--------|
| Q1 2024 | $2,500,000 | $1,800,000 | $700,000 | 28% |
| Q2 2024 | $2,750,000 | $1,950,000 | $800,000 | 29% |
| Q3 2024 | $3,100,000 | $2,100,000 | $1,000,000 | 32% |
| Q4 2024 | $3,400,000 | $2,300,000 | $1,100,000 | 32% |

### Department Budget Allocation

| Department | Budget | Actual Spend | Variance | Status |
|------------|--------|--------------|----------|--------|
| Engineering | $5,000,000 | $4,850,000 | $150,000 | Under Budget |
| Marketing | $2,000,000 | $2,100,000 | -$100,000 | Over Budget |
| Sales | $1,500,000 | $1,450,000 | $50,000 | Under Budget |
| Operations | $3,000,000 | $2,950,000 | $50,000 | Under Budget |
| HR | $800,000 | $780,000 | $20,000 | Under Budget |
| Legal | $700,000 | $690,000 | $10,000 | Under Budget |

## Employee Statistics

### Headcount by Region

| Region | Full-Time | Part-Time | Contractors | Total |
|--------|-----------|-----------|-------------|-------|
| North America | 450 | 50 | 100 | 600 |
| Europe | 300 | 30 | 70 | 400 |
| Asia Pacific | 200 | 20 | 50 | 270 |
| Latin America | 100 | 10 | 20 | 130 |

### Performance Ratings Distribution

| Rating | Count | Percentage | Bonus Multiplier |
|--------|-------|------------|------------------|
| Exceptional | 140 | 10% | 1.5x |
| Exceeds Expectations | 420 | 30% | 1.25x |
| Meets Expectations | 700 | 50% | 1.0x |
| Needs Improvement | 112 | 8% | 0.5x |
| Unsatisfactory | 28 | 2% | 0x |

## Product Performance

### Top Products by Revenue

| Product Name | Units Sold | Unit Price | Total Revenue | Market Share |
|--------------|------------|------------|---------------|--------------|
| Enterprise Suite | 1,200 | $5,000 | $6,000,000 | 35% |
| Professional Plan | 3,500 | $500 | $1,750,000 | 25% |
| Starter Package | 8,000 | $100 | $800,000 | 15% |
| Add-on Services | 5,000 | $50 | $250,000 | 10% |
| Support Plans | 2,000 | $200 | $400,000 | 15% |

## Customer Metrics

### Customer Satisfaction Scores

| Month | NPS Score | CSAT | Support Tickets | Avg Resolution Time |
|-------|-----------|------|-----------------|---------------------|
| January | 72 | 4.5 | 450 | 24 hours |
| February | 74 | 4.6 | 420 | 22 hours |
| March | 76 | 4.6 | 410 | 20 hours |
| April | 78 | 4.7 | 380 | 18 hours |
| May | 80 | 4.7 | 360 | 16 hours |
| June | 82 | 4.8 | 340 | 14 hours |

## Future Projections

### Revenue Forecast FY2025

| Quarter | Conservative | Realistic | Optimistic | Probability |
|---------|--------------|-----------|------------|-------------|
| Q1 2025 | $3,200,000 | $3,500,000 | $3,800,000 | 25% |
| Q2 2025 | $3,400,000 | $3,750,000 | $4,100,000 | 40% |
| Q3 2025 | $3,600,000 | $4,000,000 | $4,400,000 | 25% |
| Q4 2025 | $3,800,000 | $4,250,000 | $4,700,000 | 10% |

---

*Report generated on December 31, 2024*